@article{model,
	author = {R. Dhaouadi, Abu Hatab A.},
	title = {Dynamic Modelling of Differential-Drive Mobile Robots using Lagrange and
		Newton-Euler Methodologies: A Unified Framework},
	journaltitle = {Advances in Robotics
		& Automation},
	date = {2013},
}
@book{book1,
	author = {W. Spong M., Hutchinson S., Vidyasagar M.},
	title = {Robot Modeling and Control},
	date = {2006},
	editor = {John Wiley & Sons , Inc.},
}
@book{book2,
	author = {M. Murray R., Li Z., Shankar Sastry S.},
	title = {A Mathematical Introduction to Robotic Manipulation},
	date = {1994},
	editor = {CRC Press, Inc.},
}

